
@book{freedman2007statistics,
  title={Statistics},
  author={Freedman, David and Pisani, Robert and Purves, Roger},
  publisher={WW Norton \& Company},
  year={2007},
  edition={4},
  url={https://clio.columbia.edu/catalog/6285515}
}

% Data viz

@book{schwabish2023data,
  title={Data Visualization in Excel: A Guide for Beginners, Intermediates, and Wonks},
  author={Schwabish, Jonathan},
  year={2023},
  publisher={CRC Press},
  url={https://clio.columbia.edu/catalog/17325179}
}