%%%%%%%%%%%%%%%%%%%%%%%%%%%%%%%%%%%%%%%
Textbooks
%%%%%%%%%%%%%%%%%%%%%%%%%%%%%%%%%%%%%%%

@book{freedman2007statistics,
  title={Statistics},
  author={Freedman, David and Pisani, Robert and Purves, Roger},
  publisher={WW Norton \& Company},
  year={2007},
  edition={4},
  url={https://clio.columbia.edu/catalog/6285515}
}

@book{diez2019openintro,
  title={OpenIntro Statistics},
  author={Diez, David M and Barr, Christopher D and Cetinkaya-Rundel, Mine},
  year={2019},
  publisher={OpenIntro},
  url={https://www.openintro.org/book/os/}
}

@book{modernstats2021,
  title={Introduction to Modern Statistics},
  author={Cetinkaya-Rundel, Mine and Hardin, Johanna},
  year={2021},
  edition={1},
  publisher={OpenIntro},
  url={https://openintro-ims.netlify.app/}
}



%%%%%%%%%%%%%%%%%%%%%%%%%%%%%%%%%%%%%%%
Supplemental
%%%%%%%%%%%%%%%%%%%%%%%%%%%%%%%%%%%%%%%

@book{hand2008statistics,
  title={Statistics: A very short introduction},
  author={Hand, David J},
  year={2008},
  publisher={Oxford University Press, USA},
  url={https://clio.columbia.edu/catalog/14180088}
}

@book{rosenbaum2017observation,
  title={Observation and experiment: An introduction to causal inference},
  author={Rosenbaum, Paul},
  year={2017},
  publisher={Harvard University Press},
  url={https://clio.columbia.edu/catalog/15176619}
}

@book{van2011statistical,
  title={Statistical rules of thumb},
  author={Van Belle, Gerald},
  volume={699},
  year={2011},
  publisher={John Wiley \& Sons},
  url={https://clio.columbia.edu/catalog/6883875}
}

@article{strogatz2010chances,
    author    = {Steven Strogatz},
    title     = {Chances Are},
    journal   = {New York Times},
    year      = {2010},
    url       = {https://archive.nytimes.com/opinionator.blogs.nytimes.com/2010/04/25/chances-are/}
}

%%%%%%%%%%%%%%%%%%%%%%%%%%%%%%%%%%%%%%%
Notes
%%%%%%%%%%%%%%%%%%%%%%%%%%%%%%%%%%%%%%%

@misc{clark2023python,
  title={75 minutes of Python},
  author={Clark, Alexander},
  year={2023},
  url={https://github.com/alexanderthclark/Intro-Stats-2023-Fall/blob/main/Notes/75MinutesOfPython.pdf}
}


%%%%%%%%%%%%%%%%%%%%%%%%%%%%%%%%%%%%%%%
Further Resources 
%%%%%%%%%%%%%%%%%%%%%%%%%%%%%%%%%%%%%%%

% Data viz

@book{schwabish2023data,
  title={Data Visualization in Excel: A Guide for Beginners, Intermediates, and Wonks},
  author={Schwabish, Jonathan},
  year={2023},
  publisher={CRC Press},
  url={https://clio.columbia.edu/catalog/17325179}
}

@article{schwabish2021practice,
  title={The practice of visual data communication: what works},
  author={Schwabish, Jonathan},
  journal={Psychological Science in the Public Interest},
  volume={22},
  number={3},
  pages={97--109},
  year={2021},
  publisher={SAGE Publications Sage CA: Los Angeles, CA},
  url={https://doi-org.ezproxy.cul.columbia.edu/10.1177/15291006211057899}
}

